
@misc{ zach03accurate,
  author = "C. Zach and A. Klaus and M. Hadwiger and K. Karner",
  title = "Accurate dense stereo reconstruction using graphics hardware",
  text = "C. Zach, A. Klaus, M. Hadwiger, and K. Karner. Accurate dense stereo reconstruction
    using graphics hardware. In EUROGRAPHICS 2003, Short Presentations, 2003.",
  year = "2003" }


@misc{ ,
  author = "D. Scharstein and R. Szeliski and R. Zabih",
  title = "A taxonomy and evaluation of dense two-frame stereo correspondence algorithms",
  text = "Daniel Scharstein, Richard Szeliski, and Ramin Zabih. A taxonomy and evaluation
    of dense two-frame stereo correspondence algorithms. In Proceedings of the
    IEEE Workshop on Stereo and Multi-Baseline Vision, Kauai, HI, Dec. 2001.",
  year = "2001" }
